%%%% Modelo para bibliografia - bibtex!

@article{artigo:dantas:2021,
  title={Uma proposta de arquitetura de software limpa baseada em microsservi{\c{c}}os},
  author={Dantas, Francisco C},
  year={2021},
  publisher={Universidade Federal Rural do Semi-{\'A}rido}
}

@article{artigo:lopes:2021,
  title={M{\'e}todo de migra{\c{c}}{\~a}o de sistemas monol{\'\i}ticos legados para a arquitetura de microsservi{\c{c}}os},
  author={Lopes, Taylor Rodrigues},
  year={2021}
}

@article{artigo:bueno:2021,
  title={DESENVOLVIMENTO DE UM APLICATIVO UTILIZANDO O FRAMEWORK FLUTTER E ARQUITETURA LIMPA},
  author={BUENO, CARLOS EDUARDO DE OLIVEIRA},
  year={2021},
  publisher={Pontif{\'\i}cia Universidade Cat{\'o}lica de Goi{\'a}s}
}